<record><leader>00000cas a2200000 a 4500</leader><controlfield tag="001">22135512</controlfield><controlfield tag="008">900724d19441978iludn ne      0   a0eng c</controlfield><datafield ind1=" " ind2=" " tag="010"><subfield code="a">sn 90054109 </subfield></datafield><datafield ind1=" " ind2=" " tag="040"><subfield code="a">NVF</subfield><subfield code="b">eng</subfield><subfield code="c">NVF</subfield><subfield code="d">OCLCQ</subfield><subfield code="d">NVF</subfield><subfield code="d">OCLCQ</subfield><subfield code="d">NVF</subfield><subfield code="d">OCLCF</subfield><subfield code="d">OCLCO</subfield></datafield><datafield ind1="1" ind2=" " tag="029"><subfield code="a">AU@</subfield><subfield code="b">000025860830</subfield></datafield><datafield ind1=" " ind2=" " tag="042"><subfield code="a">pcc</subfield></datafield><datafield ind1=" " ind2=" " tag="043"><subfield code="a">n-us-il</subfield></datafield><datafield ind1="0" ind2="0" tag="245"><subfield code="a">Casey daily reporter.</subfield></datafield><datafield ind1=" " ind2=" " tag="260"><subfield code="a">Casey, Ill. :</subfield><subfield code="b">B.F. Morgan,</subfield><subfield code="c">1944-1978.</subfield></datafield><datafield ind1=" " ind2=" " tag="300"><subfield code="a">v.</subfield></datafield><datafield ind1=" " ind2=" " tag="310"><subfield code="a">Daily (except Saturday and Sunday)</subfield></datafield><datafield ind1="0" ind2=" " tag="362"><subfield code="a">Vol. 12, no. 245 (Apr. 3, 1944)-v. 44, no. 196 (Jan. 30, 1978).</subfield></datafield><datafield ind1=" " ind2=" " tag="515"><subfield code="a">Continues the numbering of Casey reporter.</subfield></datafield><datafield ind1=" " ind2="0" tag="651"><subfield code="a">Casey (Ill.)</subfield><subfield code="v">Newspapers.</subfield></datafield><datafield ind1=" " ind2="7" tag="655"><subfield code="a">Newspapers.</subfield><subfield code="2">fast</subfield><subfield code="0">(OCoLC)fst01423814</subfield></datafield><datafield ind1=" " ind2="7" tag="651"><subfield code="a">Illinois</subfield><subfield code="z">Casey.</subfield><subfield code="2">fast</subfield><subfield code="0">(OCoLC)fst01234603</subfield></datafield><datafield ind1=" " ind2=" " tag="752"><subfield code="a">United States</subfield><subfield code="b">Illinois</subfield><subfield code="c">Clark</subfield><subfield code="d">Casey.</subfield></datafield><datafield ind1="0" ind2="0" tag="780"><subfield code="t">Casey reporter</subfield><subfield code="w">(DLC)sn 90054108</subfield><subfield code="w">(OCoLC)22135382</subfield></datafield><datafield ind1="0" ind2="0" tag="785"><subfield code="t">Daily reporter (Casey, Ill.)</subfield><subfield code="w">(DLC)sn 90054110</subfield><subfield code="w">(OCoLC)22135640</subfield></datafield></record>